<marc:collection xmlns:marc="http://www.loc.gov/MARC21/slim" xmlns:xsi="http://www.w3.org/2001/XMLSchema-instance" xsi:schemaLocation="http://www.loc.gov/MARC21/slim http://www.loc.gov/standards/marcxml/schema/MARC21slim.xsd">
    <marc:record type="Bibliographic">
        <marc:leader>01451cem a2200337 a 4500</marc:leader>
        <marc:controlfield tag="001">6969959</marc:controlfield>
        <marc:controlfield tag="005">20130402220132.0</marc:controlfield>
        <marc:controlfield tag="007">aj canzn</marc:controlfield>
        <marc:controlfield tag="008">020717s1640    fr i      a     0   lat d</marc:controlfield>
        <marc:datafield tag="035" ind1=" " ind2=" ">
            <marc:subfield code="a">(OCoLC)ocm50244209</marc:subfield>
        </marc:datafield>
        <marc:datafield tag="040" ind1=" " ind2=" ">
            <marc:subfield code="a">EYM</marc:subfield>
            <marc:subfield code="c">EYM</marc:subfield>
            <marc:subfield code="d">OCLCQ</marc:subfield>
            <marc:subfield code="d">GZM</marc:subfield>
            <marc:subfield code="d">NjP</marc:subfield>
        </marc:datafield>
        <marc:datafield tag="034" ind1="1" ind2=" ">
            <marc:subfield code="a">a</marc:subfield>
            <marc:subfield code="b">3325000</marc:subfield>
            <marc:subfield code="d">E0100000</marc:subfield>
            <marc:subfield code="e">E0250000</marc:subfield>
            <marc:subfield code="f">N0440000</marc:subfield>
            <marc:subfield code="g">N0340000</marc:subfield>
        </marc:datafield>
        <marc:datafield tag="035" ind1=" " ind2=" ">
            <marc:subfield code="a">(OCoLC)50244209</marc:subfield>
        </marc:datafield>
        <marc:datafield tag="043" ind1=" " ind2=" ">
            <marc:subfield code="a">e-sp---</marc:subfield>
            <marc:subfield code="a">e-po---</marc:subfield>
        </marc:datafield>
        <marc:datafield tag="052" ind1=" " ind2=" ">
            <marc:subfield code="a">6560</marc:subfield>
        </marc:datafield>
        <marc:datafield tag="100" ind1="1" ind2=" ">
            <marc:subfield code="a">Tavernier, Melchior,</marc:subfield>
            <marc:subfield code="d">-1641.</marc:subfield>
        </marc:datafield>
        <marc:datafield tag="245" ind1="1" ind2="0">
            <marc:subfield code="a">Antiquorum Hispaniae episcopatuum geographica descriptio</marc:subfield>
            <marc:subfield code="h">[map].</marc:subfield>
        </marc:datafield>
        <marc:datafield tag="255" ind1=" " ind2=" ">
            <marc:subfield code="a">Scale [ca. 1:3,325,000]</marc:subfield>
            <marc:subfield code="c">(E 10⁰--E 25⁰/N 44⁰--N 34⁰).</marc:subfield>
        </marc:datafield>
        <marc:datafield tag="260" ind1=" " ind2=" ">
            <marc:subfield code="a">Parisiis :</marc:subfield>
            <marc:subfield code="b">Aput M. Tavernier scalptorum Regium &amp; excusorum tabularum geographicarum hydrographicarum in Insula Palatij ad insigne Sphæræ Regis,</marc:subfield>
            <marc:subfield code="c">ao. 1640.</marc:subfield>
        </marc:datafield>
        <marc:datafield tag="300" ind1=" " ind2=" ">
            <marc:subfield code="a">1 map :</marc:subfield>
            <marc:subfield code="b">hand col. ;</marc:subfield>
            <marc:subfield code="c">35 x 48 cm.</marc:subfield>
        </marc:datafield>
        <marc:datafield tag="500" ind1=" " ind2=" ">
            <marc:subfield code="a">Relief shown pictorially.</marc:subfield>
        </marc:datafield>
        <marc:datafield tag="500" ind1=" " ind2=" ">
            <marc:subfield code="a">"Cum priuilegio regio."</marc:subfield>
        </marc:datafield>
        <marc:datafield tag="541" ind1=" " ind2=" ">
            <marc:subfield code="a">Historic Maps copy is gift of Robert A. McCabe, Princeton class of 1956.</marc:subfield>
            <marc:subfield code="5">NjP</marc:subfield>
        </marc:datafield>
        <marc:datafield tag="650" ind1=" " ind2="0">
            <marc:subfield code="a">Church history</marc:subfield>
            <marc:subfield code="y">Primitive and early church, ca. 30-600</marc:subfield>
            <marc:subfield code="v">Maps.</marc:subfield>
        </marc:datafield>
        <marc:datafield tag="650" ind1=" " ind2="0">
            <marc:subfield code="a">Dioceses</marc:subfield>
            <marc:subfield code="z">Spain</marc:subfield>
            <marc:subfield code="v">Maps</marc:subfield>
            <marc:subfield code="v">Early works to 1800.</marc:subfield>
        </marc:datafield>
        <marc:datafield tag="651" ind1=" " ind2="0">
            <marc:subfield code="a">Iberian Peninsula</marc:subfield>
            <marc:subfield code="v">Maps</marc:subfield>
            <marc:subfield code="v">Early works to 1800.</marc:subfield>
        </marc:datafield>
        <marc:datafield tag="655" ind1=" " ind2="7">
            <marc:subfield code="a">Historical maps</marc:subfield>
            <marc:subfield code="z">Iberian Peninsula.</marc:subfield>
            <marc:subfield code="2">aat</marc:subfield>
        </marc:datafield>
        <marc:datafield tag="700" ind1="1" ind2=" ">
            <marc:subfield code="a">McCabe, Robert A.,</marc:subfield>
            <marc:subfield code="d">1934- ,</marc:subfield>
            <marc:subfield code="e">donor.</marc:subfield>
            <marc:subfield code="5">NjP</marc:subfield>
        </marc:datafield>
        <marc:datafield tag="856" ind1="4" ind2="1">
            <marc:subfield code="z">See the map</marc:subfield>
            <marc:subfield code="u">http://gisserver.princeton.edu/map/26597</marc:subfield>
        </marc:datafield>
        <marc:datafield tag="904" ind1=" " ind2=" ">
            <marc:subfield code="a">gls</marc:subfield>
            <marc:subfield code="b">g</marc:subfield>
            <marc:subfield code="h">m</marc:subfield>
            <marc:subfield code="c">p</marc:subfield>
            <marc:subfield code="e">20120207</marc:subfield>
        </marc:datafield>
        <marc:datafield tag="902" ind1=" " ind2=" ">
            <marc:subfield code="a">gls</marc:subfield>
            <marc:subfield code="b">m</marc:subfield>
            <marc:subfield code="6">e</marc:subfield>
            <marc:subfield code="7">m</marc:subfield>
            <marc:subfield code="d">v</marc:subfield>
            <marc:subfield code="f">1</marc:subfield>
            <marc:subfield code="e">20120208</marc:subfield>
        </marc:datafield>
    </marc:record>
    <marc:record type="Holdings">
        <marc:leader>00172nx  a22000851  4500</marc:leader>
        <marc:controlfield tag="001">6862494</marc:controlfield>
        <marc:controlfield tag="004">6969959</marc:controlfield>
        <marc:controlfield tag="005">20120207123637.0</marc:controlfield>
        <marc:controlfield tag="008">1202074u    8   1001uu   0901128</marc:controlfield>
        <marc:datafield tag="852" ind1="0" ind2=" ">
            <marc:subfield code="b">map</marc:subfield>
            <marc:subfield code="h">HMC01.5161</marc:subfield>
        </marc:datafield>
    </marc:record>
</marc:collection>
